@incollection{abrusci:ncpnet,
  author       = "V. Michele Abrusci",
  title        = "Non-commutative Proof Nets",
  booktitle    = "Advances in Linear Logic",
  editor       = "J.-Y. Girard and Y. Lafont and L. Regnier",
  year         = 1995,
  pages        = "271--296",
  publisher    = "Cambridge University Press",
  note         = "Proceedings of the Workshop on Linear Logic, Ithaca,
		  New York, June 1993"
}
@article{abrusciruet:nclmul,
  author       = "V. Michele Abrusci and Paul Ruet",
  title        = "Non Commutative Logic {I}: the Multiplicative Fragment",
  year         = 1999,
  journal      = "Annals of Pure and Applied Logic",
}
@book{adamekrosicky:locpac,
  author       = {J. Ad{\'a}mek and J. Rosick{\'y}},
  title        = {Locally Presentable and Accessible Categories},
  publisher    = {Cambridge University Press},
  year         = {1994}
}
@inproceedings{altenkirch:repfof,
  author       = {Thorsten Altenkirch},
  title        = {Representations of first order function types as
                  terminal coalgebras},
  booktitle    = {Typed Lambda Calculi and Applications, TLCA 2001},
  pages        = {8 - 21},
  year         = {2001},
  number       = {2044},
  series       = {Lecture Notes in Computer Science}
}
@article{anick:homasa,
  author       = "David Anick",
  title        = "On the Homology of Associative Algebras",
  journal      = "Transactions of the American Mathematical Society",
  year         = 1986,
  volume       = 296,
  pages        = "641--659"
}
@phdthesis{ara:thesis,
  author       = {Dimitri Ara},
  title        = {Sur les $\infty$-groupo\"\i des de {G}rothendieck et une variante $\infty$-catégorique},
  school       = 	 {Universit\'e Paris 7 Denis Diderot},
  year         = 	 {2010}
}

@article{ara:thmigs,
  author      = {Dimitri Ara},
  title       = {Sur les types d'homotopie mod\'elis\'es mars les $\infty$-groupo\"\i des stricts},
  journal     = {Theory Appl. Categ.},
  year        = {2013},
  volume      = {28},
  pages       = {552-576}
}
@article{aralucas:folmon,
  author      = {Dimitri Ara and Maxime Lucas},
  title       = {The folk model category structure on strict $\omega$-categories is mono\"\i dal},
  journal     = {Theory Appl.Categ.},
  year        = {2020},
  volume      = {35},
  pages       = {745--808}
}
@article{aramaltsiniotis:joint,
  title={Joint et tranches pour les $\infty$-cat{\'e}gories strictes},
  author={Ara, Dimitri and Maltsiniotis, Georges},
  journal={M{\'e}moires de la Soci{\'e}t{\'e} Math{\'e}matique de France},
  volume={165},
  pages={1--213},
  year={2020}
}
@unpublished{arametayer:brgmsr,
  author      = {Dimitri Ara and Fran{\c c}ois M\'etayer},
  title       = {The {B}rown-{G}olasi\'nski Model Structure on $\infty$-groupoids revisited},
  note        = {http://arxiv.org/abs/1010.2599},
  year        = {2010}
}
@article{arametayer:bgsgrp,
  author      = {Dimitri Ara and Fran{\c c}ois M\'etayer},
  title       = {The {B}rown-{G}olasi\'nski Model Structure on strict $\infty$-groupoids revisited},
  journal     = {Homology, Homotopy and Applications},
  volume      = 13,
  number      = 1,
  pages       = {121--142},
  note        = {http://intlpress.com/HHA/v13/n1/a5/},
  year        = {2011}
}
@book{aubry:homtam,
  author       = {Marc Aubry},
  title        = {Homotopy Theory and Models},
  publisher    = {Birkh{\"a}user},
  year         = {1995},
  volume       = {24},
  series       = {DMV Seminar}
}
@article{baezdolan:highda,
  author       = "John Baez and James Dolan",
  title        = "Higher-Dimensional Algebra. III: $n$-Categories
                  and the Algebra of Opetopes",
  journal      = "Advances in Mathematics",
  year         = 1998,
  volume       = 135,
  number       = 2,
  pages        = "145--206"
}                  
@book{barendregt:lamcal,
  author       = "H. Barendregt",
  title        = "The Lambda-Calculus",
  publisher    = "Elsevier",
  year         = 1984
}
@article{barr:stacll,
  author       = "Michael Barr",
  title        = "{$\star$}-{A}utonomous Categories and Linear Logic",
  journal      = "Mathematical Structures in Computer Science",
  volume       = 1,
  pages        = "159--178",
  year         = 1991,
  urldvi       = "file://triples.math.mcgill.ca/pub/barr/staracll.dvi.Z"
}
@book{barrwells:totrth,
  author = 	 "Michael Barr and Charles Wells",
  title = 	 "Toposes, Triples and Theories",
  publisher = 	 "Springer",
  year = 	 1985
}
@article{batanin:mongcw,
  author        = {Michael Batanin},
  title         = {Monoidal Globular Categories as a Natural Environment
                   for the Theory of Weak n-Categories},
  journal       = {Adv. Math.},
  year          = 1998,
  volume        = {136},
  pages         = {39--103},
}
@article{batanin:comfmg,
  author        = {Michael Batanin},
  title         = {Computads for Finitary Monads on Globular Sets},
  journal       = {Contemp. Math.},
  year          = 1998,
  volume        = {230},
  pages         = {37--57},
}
@article{beck:tralco,
  author        = {Jonathan Beck},
  title         = {Triples, Algebras and Cohomology},
  journal       = {Reprints in Theory and Applications of Categories},
  year          = {2003},
  volume        = {2},
  pages         = {1--59},
  note          = "http://www.tac.mta.ca/tac/reprints/articles/2/tr2abs.html"
}
@article{beke:shhomc,
  author        = {Tibor Beke},
  title         = {Sheafifiable Homotopy Model Categories},
  journal       = {Math.Proc.Camb.Philos.Soc.},
  year          = {2000},
  volume        = {129},
  number        = {3},
  pages         = {447--475}
}
@article{beke:shhtwo,
  author        = {Tibor Beke},
  title         = {Sheafifiable Homotopy Model Categories.{II}},
  journal       = {J.Pure Appl.Algebra},
  year          = {2001},
  volume        = {164},
  number        = {3},
  pages         = {307--324}
}
@article{bellinfleury:planpn,
  author        = "Gianluigi Bellin and Arnaud Fleury",
  title         = "Planar and Braided Proof-Nets for Multiplicative 
                   Linear Logicwith Mix",
  journal       = "Archive for Mathematical Logic",
  year          = 1998,
  volume        = 37,
  number        = "5--6",
  pages         = "309--325"
}
@inproceedings{benabou:intbic,
  author        = "Jean B{\'e}nabou",
  title         = "Introduction to Bicategories",
  booktitle     = "Reports of the Midwest Category Seminar",
  year          = 1967,
  volume        = 47,
  pages         = "1--77"
}
  
@article{berger:itewrp,
  author       = {Clemens Berger},
  title        = {Iterated Wreath Product of the Simplex Category and Iterated Loop Spaces},
  journal      = {Advances in Mathematics},
  year         = {2007},
  volume       = {213},
  pages        = {230--270}
}

@article{bestvinabrady:mortfp,
 author        = "Mladen Bestvina and Noel Brady",
 title         = "Morse Theory and Finiteness Properties of Groups",
 journal       = "Inventiones mathematicae",
 year          = 1997,
 volume        = 129,
 pages         = "445--470"
} 
@article{blass:sevtio,
 author        = "A. Blass",
 title         = "Seven Trees in One",
 journal       = "Journal of Pure and Applied Algebra",
 year          = 1995,
 volume        = 103,
 pages         = "1--21"
} 
@article{bluteal:natded,
  author       = "Richard Blute and J. R. B. Cockett and R. A. G. Seely and
		  T. H. Trimble",
  title        = "Natural Deduction and Coherence for Weakly
		  Distributive Categories",
  year         = 1996,
  journal      = "Journal of Pure and Applied Algebra",
  volume       = 113,
  number       = 3,
  pages        = "229--296",
  urlps        = "file://triples.math.mcgill.ca/pub/rags/nets/nets.ps.gz"
}
@unpublished{bonfanteguiraud:propcc,
  author       = {Guillaume Bonfante and Yves Guiraud},
  title        = {Programs as Polygraphs: Computability and Complexity},
  note         = {manuscript},
  year         = {2006}
}
@article{bonfanteguiraud:polppf,
  author       = {Guillaume Bonfante and Yves Guiraud},
  title        = {Polygraphic Programs and Polynomial-Time Functions},
  journal      = {Logical Methods in Computer Science},
  year         = {2009},
  volume       = {5},
  number       = {2},
  pages        = {1--37}
}
@article{bott:pertcg,
  author       = {Raoul Bott},
  title        = {The Periodicity Theorem for the Classical Groups and some of its Applications},
  journal      = {Advances in Mathematics},
  year         = {1970},
  pages        = {353--411}
}
@article{bourn:anodth,
 author       = "Dominique Bourn",
 title        = "Another Denormalization Theorem for Abelian Chain 
                 Complexes",
 journal      = "Journal of Pure and Applied Algebra",
 year         = 1990,
 volume       = 66,
 number       = 3,
 pages        = "229--249"
}
@article{browngolasinski:modscc,
   author     =  {Ronald Brown and Marek Golasinski},
   title      =   {A Model Structure for the Homotopy Theory of Crossed Complexes},
   journal    = {Cahiers de Topologie et G{\'e}om{\'e}trie
                    Diff{\'e}rentielle Cat{\'e}goriques},
   year       =    1989,
   pages      = "61--82",
   volume     = 30,
   number     = 1
}
@article{burroni:algrap,
   author     =  {Albert Burroni},
   title      =   {Alg{\`e}bres Graphiques},
   journal    = {Cahiers de Topologie et G{\'e}om{\'e}trie
                    Diff{\'e}rentielle Cat{\'e}goriques},
   year       =    1981,
   pages      = "249--265",
   volume     = 22,
   number     = 3
}
@inproceedings{burroni:higdwp,
 author       = "Albert Burroni",
 title        = "Higher-dimensional Word Problem",
 booktitle    = "Category theory and computer science",
 year         = 1991,
 pages        = "94--105",
 series       = "Lecture Notes in Computer Science",
 number       = 530,
 publisher    = "Springer Verlag"
}
@article{burroni:highdw,
 author       = "Albert Burroni",
 title        = "Higher-dimensional Word Problems with Applications to
                 Equational Logic",
 journal      = "Theoretical Computer Science",               
 year         = 1993,
 volume       = 115,
 pages        = "43--62",
 publisher    = "Elsevier"
 }
@unpublished{burroni:newcos,
 author       = "Albert Burroni",
 title        = "A New Calculation of the Orientals of {S}treet",
 year         = 2000,
 note         = "manuscript"
}
@unpublished{burroni:precat,
 author       = "Albert Burroni",
 title        = "Presentations des $\infty$-Cat{\'e}gories. Application:
                 les Orientaux Simpliciaux et Cubiques",
 year         = 2001,
 note         = "manuscript"
}

@unpublished{burroni:monori,
  author      = "Albert Burroni",
  title       = "Une autre approche de orientaux",
  note        = "manuscript"
}

@article{burroniburroni:stratv,
   author     =  {{\'E}lisabeth Burroni and Albert Burroni},
   title      =   {Stuctures Alg{\'e}briques: Th{\`e}me et Variations},
   journal    = {Cahiers de Topologie et G{\'e}om{\'e}trie
                    Diff{\'e}rentielle Cat{\'e}goriques},
   year       =    1992,
   pages      = "207--216",
   volume     = 33
}
@inproceedings{burronipenon:nercat,
 author       = "Albert Burroni and Jacques Penon",
 title        = "Une Construction d'un Nerf des $\infty$-Cat{\'e}gories",
 booktitle    = "Cat{\'e}gories, Alg{\`e}bres, Esquisses et 
                  N{\'e}o-Esquisses",
 year         = 1994,
 organization = "Universit{\'e} de {C}aen",
 pages        = "45--55"
}

@article{carbonijohnstone:clfrag,
  author     = 	{Aurelio Carboni and Peter Johnstone},
  title      = 	{Connected Limits, Familial Representability and {A}rtin Glueing},
  journal    = {Math. Struct. Comput. Sci},
  year       = {1995},
  volume     = {5},
  number     = {4},
  pages      = {441--459}
}

@article{cartmell:ctxcat,
  author     = 	{John Cartmell},
  title      = 	{Generalised Algebraic Theories and Contextual Categories},
  journal    = {Annals of Pure and Applied Logic},
  year       = {1986},
  volume     = {32},
  pages      = {209--243}
}
@unpublished{cheng:whistr,
 author       = "Eugenia Cheng",
 title        = "What Is a Tree?",
 year         = 2002,
 note         = "manuscript"
}
@article{cheng:dircat,
  author      = {Eugenia Cheng},
  title       = {A Direct Proof that the Category of $3$-Computads is not cartesian closed},
  journal     = {Cahiers de Topologie et G{\'e}om{\'e}trie
                    Diff{\'e}rentielle Cat{\'e}goriques},
  year        = {2013},
  volume      = {54},
  number      = {1},
  pages       = {3--12}
}

@book{church:callco,
  author      = {Alonzo Church},
  title       = {The calculi of {L}ambda-{C}onversion},
  publisher   = {Princeton Univ. Press},
  year        = {1941},
  volume      = {6},
  series      = {Annals of Mathematics Studies}
}

@book{cisinski:higcat,
  author      = {Denis-Charles Cisinski},
  title       = {Higher {C}ategories and {H}omotopical {A}lgebra},
  publisher   = {Cambridge Univ. Press},
  year        = {2019},
  volume      = {180},
  series      = {Cambridge studies in advanced mathematics}
}
@inproceedings{cockettsantocanale:indcoa,
    author    = {Robin Cockett and Luigi Santocanale},
    title     = {Induction, Coinduction, and Adjoints},
    booktitle = {Electronic Notes in Theoretical Computer Science},
    volume    = {69},
    publisher = {Elsevier Science Publishers},
    editor    = {Rick Blute and Peter Selinger},
    year      = {2003}
}
@InProceedings{coquand:girpar,
  author      = {Thierry Coquand},
  title       = {An Analysis of {G}irard's Paradox},
  booktitle   = {LICS'86},
  pages       = {227--236},
  year        = {1986}
 }
 
@article{cottrell_et_al:eninct,
  author      = {Thomas Cottrell and Soichiro Fujii and John Power},
  title       = {Enriched and internal categories: an extensive relationship},
  journal     = {Tbilissi Mathematical Journal},
  year        = {2017},
  volume      = {10},
  number      = {3},
  pages       = {239--254}
}

@phdthesis{crans:thesis,
  author       = "Sjoerd Crans",
  title        = "On Combinatorial Models for Higher Dimensional 
                  Homotopies",
  school       = "Universiteit Utrecht",                                    
  year         = 1995
}
@article{cremannsotto:fdtgrp,
  author       = "Robert Cremanns and Friedrich Otto",
  title        = "For Groups the Property of Having Finite 
                  Derivation Type is Equivalent to the Homological
                  Finiteness Condition $FP_3$",
  journal      = "J.Symb.Comput",
  volume       = 22,
  number       = 2,
  pages        = "155--177",
  year         = 1996
}                  
@article{cremannsotto:fdthfc,
  author       = "Robert Cremanns and Friedrich Otto",
  title        = "Finite Derivation Type Implies the Homological
                  Finiteness Condition $FP_3$",
  journal      = "J.Symb.Comput",
  volume       = 18,
  number       = 2,
  pages        = "91--112",
  year         = 1994
}         
@article{danosregnier:strmul,
  author       = "Vincent Danos and Laurent Regnier",
  title        = "The Structure of Multiplicatives",
  journal      = "Archive for Mathematical Logic",
  year         = 1989,
  volume       = 28,
  pages        = "181--203"
}
@article{dehornoylafont:homgrg,
  author       = {Patrick Dehornoy and Yves Lafont},
  title        = {Homology of Gaussian Groups},
  journal      = {Annales de l'Institut Fourier},
  year         = {2003},
  volume       = {53},
  number       = {2},
  pages        = {489-540}
}
@article{dominguezduval:dialpp,
  author       = {C{\'e}sar Dominguez and Dominique Duval},
  title        = {Diagrammatic Logic Applied to a Parametrization Process},
  journal      = {Mathematical Structures in Computer Science},
  year         = {2010},
  volume       = {20},
  number       = {4},
  pages        = {639--654}
}
@article{dubuc_kelly:topalg,
  author       = {Eduardo Dubuc and Max Kelly},
  title        = {A Presentation of topoi as algebraic relative to categories or graphs},
  journal      = {Journal of Algebra},
  year         = {1983},
  volume       = {81},
  pages        = {420--433}
}
@unpublished{dumasetal:carecf,
  author       = {Jean-Guillaume Dumas and Dominique Duval and Jean-Claude Reynaud},
  title        = {Cartesian Effect Categories are {F}reyd-Categories},
  note         = {Journal of Symbolic Computation (in press)}
}
@article{duval:diaspc,
  author       = {Dominique Duval},
  title        = {Diagrammatic Specifications},
  journal      = {Mathematical Structures in Computer Science},
  year         = {2003},
  volume       = {13},
  pages        = {857--890}
}
@inproceedings{duvaletal:adjgca,
  author       = {Dominique Duval and Rachid Echahed and Fr{\'e}d{\'e}ric Prost},
  title        = {Adjunction for Garbage Collection with Application to Graph Rewriting},
  booktitle    = {Proceedings of Rewriting Techniques and Application 2007 (RTA'07)},
  pages        = {122--136},
  year         = {2007},
  number       = {4533},
  series       = {Springer Lecture Notes in Computer Science}
 }
@inproceedings{duvalreynaud:dynlex,
  author       = {Dominique Duval and Jean-Claude Reynaud},
  title        = {Dynamic Logic and Exceptions},
  booktitle    = {Mathematics, Algorithms, Proofs, Dagstuhl Seminar},
  year         = {2005},
  volume       = {05021}
}
@incollection{dwyerspalinski:homtmc,
  author       = {W. G. Dwyer and J. Spalinski},
  title        = {Homotopy Theories and Model Categories},
  booktitle    = {Handbook of algebraic topology},
  pages        = {73-126},
  publisher    = {North-Holland},
  year         = {1995},
  editor       = {I.M. James}
}
@article{eilenbergmclane:relbhh,
  author       = "Samuel Eilenberg and Saunders McLane",
  title        = "Relations between Homology and Homotopy Groups of Spaces",
  journal      = "Annals of Mathematics",
  year         = 1945,
  volume       = 45,
  number       = 3,
  pages        = "480--509"
}  
@unpublished{fioreleinster:objccn,
 author       = "Marcelo Fiore and Tom Leinster",
 title        = "Objects of Categories as Complex Numbers",
 year         = 2002,
 note         = "manuscript"
}
@inproceedings{fioreplotkinturi:abssvb,
  author        = {Marcelo Fiore and Gordon Plotkin and Daniele Turi},
  title         = {Abstract Syntax and Variable Binding (Extended Abstract)},
  booktitle     = {Proc.\ 14$^{\rm th}$ LICS Conf.},
  pages         = {193-202},
  year          = {1999},
  organization  = {IEEE},
  publisher     = {Computer Society Press}
}
@article{frege:sinnbe,
  author        = {Gottlob Frege},
  title         = {{\"U}ber {S}inn und {B}edeutung},
  journal       = {Ztschr. f. Philos. u. philos. Kritik},
  year          = {1892},
  pages         = {25--50}
}
@incollection{frege:begsch,
  author        = {Gottlob Frege},
  title         = {Begriffsschrift},
  booktitle     = {From {F}rege to {G}{\"o}del},
  publisher     = {Harvard University Press},
  year          = {1967},
  pages         = {1--82},
  editor        = {Jean van Heijenoort}
}
@book{freyd:abecat,
  author        = {Peter Freyd},
  title         = {Abelian Categories},
  publisher     = {Harper and Row},
  year          = {1964}
}
@article{freyd:homncc,
  author        = {Peter Freyd},
  title         = {Homotopy is not concrete},
  journal       = {Reprints in T.A.C},
  year          = {2004},
  pages         = {1--10}
}
@article{freyd:algvft,
  author        = {Peter Freyd},
  title         = {Algebra valued functors in general and tensor products in particular},
  journal       = {Colloquium Mathematicum},
  year          = {1966},
  volume        = {14},
  pages         = {89--106}
}

@book{gabrielulmer:lokprc,
author          = {Gabriel, Peter and Ulmer, Friedrich},
title           = {Lokal Pr\"asentierbare Kategorien},
publisher       = {Springer},
year            = {1971}
}
@book{gabrielzisman:calfrh,
  author        = {Pierre Gabriel and Michel Zisman},
  title         = {Calculus of Fractions and Homotopy Theory},
  publisher     = {Springer},
  year          = {1967}
}

@article{gambino_garner:idtwfs,
  author        = {Nicola Gambino and Richard Garner},
  title         = {THe Identity Type Weak Factorization System},
  journal       = {Theoretical Computer Science},
  year          = {2008},
  volume        = {409},
  pages         = {94--109}
}

@article{garner:undsoa,
  author        = {Richard Garner},
  title         = {Understanding the Small Object Argument},
  journal       = {Applied Categorical Structures},
  year          = {2009},
  volume        = {17},
  number        = {3},
  pages         = {247--285}
}
@article{gaucher:comhda,
  author       = "Philippe Gaucher",
  title        = "Combinatorics of Branchings in Higher Dimensional 
  				   Automata",
  journal      = "Theory Appl. Categ.",
  volume       = 8,
  pages        = "324--376",
  year         = 2001
}
@article{gaucher:homhdc,
  author       = "Philippe Gaucher",
  title        = "Homotopy Invariants of Higher Dimensional Categories and
                  Concurrency in Computer Science",
  journal      = "Mathematical Structures in Computer Science",
  volume       = 10,
  number       = 4,
  pages        = "481--524",
  year         = 2000
} 
@book{giblin:grshom,
  author       = "P. J. Giblin",
  title        = "Graphs, Surfaces and Homology",
  year         = 1977,
  publisher    = "Chapman and Hall"
 } 
@article{girard:linlog,
  author       = "J. Y. Girard",
  title        = "Linear Logic",
  journal      = "Theoretical Computer Science",
  year         = 1987,
  volume       = 50,
  pages        = "1--102"
}
@book{girardlt:prooft,
 author       = "J. Y. Girard and Y. Lafont and P. Taylor",
 title        = "Proofs and Types",
 year         = 1989,
 publisher    = "Cambridge University Press"
}
@article{girard:lightl,
  author      = {J. Y. Girard},
  title       =  {Light Linear Logic},
  journal     = {Information and Computation},
  year        = {1998},
  volume      =  {143},
  number      =  {2},
  pages       =  {175--204}
}
@book{girard:poiavg,
  author      = {Jean-Yves Girard},
  title       = {Le Point Aveugle},
  publisher   = {Hermann},
  year        = {2007}
}
@article{godel:ufuspm,
  author       = "K. G{\"o}del",
  title        = "{\"U}ber Formal Unentscheidbare {S}{\"a}tze
                   der {P}rincipia {M}athematica und Verwandter
                   {S}ysteme {I}",
  journal      = "Monatshefte f{\"u}r Mathematik und Physik",
  year         = 1931,
  volume       = 38,
  pages        = "173--198"
}
@article{goubault:geocon,
  author       = "Eric Goubault",
  title        = "Geometry and Concurrency: A User's Guide",
  journal      = "Mathematical Structures in Computer Science",
  volume       = 10,
  number       = 4,
  pages        = "411--425",
  year         = 2000
}
@article{goubault:somgpc,
  author       = "Eric Goubault",
  title        = "Some Geometric Perspectives in Concurrency Theory",
  journal      = "Homology, Homotopy and Applications",
  volume       = 5,
  number       = 2,
  pages        = "95--136",
  year         = 2003
}   
@inproceedings{griffin:afatnc,
  author       = "T. Griffin",
  title        = "A Formulae as Types Notion of Control",       
  booktitle    = "Proceedings of the 17th A.C.M Symposium on
  Principles of Programming Languages", 
  year         = 1990,
}

@article{guetta:poldcf,
  author       = {L{\'e}onard Guetta},
  title        = {Polygraphs and Discrete {C}onduch{\'e} $\omega$-functors},
  journal      = {Higher Structures},
  year         = {2020},
  volume       = {4},
  number       = {2},
  pages        = {134--166}
  }

@article{guetta:homcat,
  author       = {L{\'e}onard Guetta},
  title        = {Homology of categories via polygraphic resolutions},
  journal      = {Journal of Pure and Applied Algebra},
  year         = {2021},
  volume       = {225},
  number       = {10}
  }
  
@article{guettamaltsiniotis:homloc,
  author       = {L{\'e}onard Guetta and Georges Maltsiniotis},
  title        = {Homologie polygraphique des syst{\`e}mes locaux},
  journal      = {Advances in Mathematics},
  year         = {2024},
  volume       = {448}
  }
@unpublished{guettametayer:,
  author       = {L{\'e}onard Guetta and Fran{\c c}ois M\'etayer},
  title        = {Titre to be defined},
  note         = {In preparation},
  year         = {2025}
}

@unpublished{guetta_maltsiniotis:homloc_prp,
  author       = {L{\'e}onard Guetta and Georges Maltsiniotis},
  title        = {Homologie polygraphique des syst{\`e}mes locaux},
  note         = {preprint},
  year         = {2023}
}
@article{guiraud:trdimp,
  author       = {Yves Guiraud},
  title        = {The Three Dimensions of Proofs},
  journal      = {Annals of Pure and Applied Logic},
  year         = 2006,
  volume       = {141},
  number       = {1--2},
  pages        = {266--295}
}
@article{guiraud:twoppp,
  author       = {Yves Guiraud},
  title        = {Two Polygraphic Presentations of {P}etri Nets},
  journal      = {Theoretical Computer Science},
  volume       = {360},
  number       = {1--3},
  pages        = {124--146},
  year         = {2006}
}
@article{guiraud:termrw,
  author       = {Yves Guiraud},
  title        = {Termination Orders for 3-Dimensional Rewriting},
  journal      = {Journal of Pure and Applied Algebra},
  volume       = {207},
  number       = {2},
  pages        = {341--371},
  year         = {2006}
}
@article{guiraudmalbos:blobtc,
  author      = {Yves Guiraud and Philippe Malbos},
  title       = {The Blob: A Basic Topological Concept for
"Hardware-free" Distributed Computation},
  journal     = {Lecture Notes in Computer Science},
  year        = {2002},
  volume      = {2509},
  pages       = {151--163}
}
@article{guiraudmalbos:higcfd,
  author      = {Yves Guiraud and Philippe Malbos},
  title       = {Higher Dimensional Categories with Finite Derivation Type },
  journal     = {Theory and Applications of Categories},
  year        = {2009},
  volume      = {22},
  number      = {18},
  pages       = {420--478}
}
@unpublished{guiraudmalbos:cohmtc,
  author      = {Yves Guiraud and Philippe Malbos},
  title       = {Coherence in Monoidal Track Categories},
  note        = {Mathematical Structures in Computer Science, to appear}
}
@unpublished{guiraudmalbos:iderhd,
  author      = {Yves Guiraud and Philippe Malbos},
  title       = {Identities among Relations for Higher-Dimensional Rewriting Systems},
  note        = {S{\'e}minaires et Congr{\`e}s, SMF, to appear, arXiv:0910.4538},
  year        = {2009}
}
@article{guiraudmalbos:higdns,
  author       = {Yves Guiraud and Philippe Malbos},
  title        = {Higher-Dimensional Normalisation Strategies for Acyclicity},
  journal      = {Advances in Mathematics},
  year         = {2012},
  volume       = {231},
  number       = {3-4},
  pages        = {2294--2351}
  
}
@unpublished{hamana:sigmon,
  author = 	 {Makoto Hamana},
  title = 	 {Free {$\Sigma$}-Monoids: a Higher-order Syntax with
                  Metavariables},
  note = 	 {manuscript},
  year = 	 {2002}
}
@book{hatcher:algtop,
 author       = "Allen Hatcher",
 title        = "Algebraic Topology",
 year         = 2001,
 publisher    = "Cambridge University Press"
}
@article{hess:modcat,
  author      = {Kathryn Hess},
  title       = {Model Categories in Algebraic Topology},
  journal     = {Appl. Categ. Struct.},
  year        = {2002},
  volume      = {10},
  number      = {3},
  pages       = {195--220}
}
@book{hindley:basstt,
 author       = "Roger Hindley",
 title        = "Basic Simple Type Theory",
 year         = 1997,
 publisher    = "Cambridge University Press"
}
@book{hirschhorn:modctl,
  author      = {Philip Hirschhorn},
  title       = {Model Categories and Their Localizations },
  publisher   = {AMS},
  year        = {2003}
}
@book{hopcroftullmann:inatlc,
  author       = "John Hopcroft and Jeffrey Ullmann",
  title        = "Introduction to Automata Theory, Languages,and 
                  Computation",
  year         = 1979,
  publisher    = "Addison-Wesley"
}
                  
@book{hovey:modcat,
  author       = {Mark Hovey},
  title        = {Model Categories},
  publisher    = {AMS},
  year         = {1999}
}
@book{jacobs:catlog,
 author       = "B. Jacobs",
 title        = "Categorical Logic and Type Theory",
 year         = 1999,
 publisher    = "Elsevier"
}
@article{jacobsrutten:coindu,
 author       = {Bart Jacobs and Jan Rutten},
 title        = {A tutorial on (co)algebras and (co)induction},
 journal      = {Bulletin of the EATCS},
 year         = {1997},
 volume       = {62},
 pages        = {222--259}
}
@article{jardine:simapp,
  author      = {J.F. Jardine},
  title       = {Simplicial Approximation},
  journal     = {Theory and Applications of Categories},
  year        = {2004},
  volume      = {12},
  number      = {2},
  pages       = {34--72}
}
@book {johnstone:topthe,
  author      = {Johnstone, P. T.},
  title       = {Topos theory},
  series      = {London Mathematical Society Monographs},
  volume      = {Vol. 10},
  publisher   = {Academic Press [Harcourt Brace Jovanovich, Publishers],
              London-New York},
  year        = {1977},
  pages       = {xxiii+367}
}
@article{joyal:utcdsf,
  author       = "Andr{\'e} Joyal",
  title        = "Une Th{\'e}orie Combinatoire des S{\'e}ries Formelles",
  journal      = "Advances in Mathematics",
  year         = 1981,
  volume       = 42,
  pages        = "1--82"
}  
@article{joyalstreet:braitc,
  author       = "Andr{\'e} Joyal and Ross Street",
  title        = "Braided Tensor Categories",
  journal      = "Advances in Mathematics",
  year         = 1993,
  volume       = 102,
  pages        = "20--78"
}
@inproceedings{joyaltierney:strscs,
  author       = "Andr{\'e} Joyal and Myles Tierney",
  title        = "Strong Stacks and Classifying Spaces",
  booktitle    = "Category Theory, Proc. Int. Conf., Como/Italy 1990",
  year         = 1991,
  pages        = "213--236",
  series       = "Lect. Notes Math.",
  number       = 1488 
}
@article{kan:csscom,
  author       = "Daniel Kan",
  title        = "On c.s.s. Complexes",
  journal      = "American Journal of Mathematics",
  year         = 1957,
  volume       = 79,
  pages        = "449--476"
}
@article{kanovich:comhll,
  author       = "Max I. Kanovich",
  title        = "The Complexity of the {H}orn Fragment of Linear
		  Logic",
  journal      = "Annals of Pure and Applied Logic",
  pages        = "195--241",
  year         = 1994,
  volume       = 69
}
@book{kaplan:thenot,
  author       = "Robert Kaplan",
  title        = "The Nothing That Is",
  publisher    = "Oxford University Press",
  year         = 2000
}
@article{kapranovvoevodsky:ogrpht,
  author       = {M.M. Kapranov and V.A.Voevodsky},
  title        = {$\infty$-Groupoids and Homotopy Types},
  journal      = {Cahiers de Topologie et de G\'eom\'etrie Diff\'erentielle 
                 Cat\'egoriques},
  year         = {1991},
  volume       = {32},
  number       = {1},
  pages        = {29--46}
}
@unpublished{kapulkinetal:uniset,
 author       = "Chris Kapulkin and Peter Lumsdaine and Vladimir Voevodsky",
 title        = "Univalence in simplicial sets",
 year         = 2018,
 note         = "arxiv:1203.2553v4"
}
@unpublished{kasangianetal:weaisc,
  author       = {Stefano Kasagian and Guiseppe Metere and Enrico Vitale},
  title        = {Weak Inverses for Strict $n$-Categories},
  note         = {preprint},
  year         = {2009}
}
@article{kobayashi:comrsh,
  author       = "Yuji Kobayashi",
  title        = "Complete Rewriting Systems and Homology of Monoid 
                   Algebras",
  journal      = "Journal of Pure and Applied Algebra",
  volume       = 65,
  year         = 1990,
  number       = 3,
  pages        = "263--275"
}
@article{krivine:aclaip,
  author       = "J.L. Krivine",
  title        = "About Classical Logic and Imperative Programming",
  journal      = "Ann. Math. Artif. Intell.",
  volume       = 16,
  number       = "1--4",
  pages        = "405--414",
  year         = 1996
} 
@unpublished{krivine:realcl,
  author       = "J.L. Krivine",
  title        = "Realizability in Classical Logic",
  year         = 2005,
  note         = "manuscript"
}
@book{krivine:theens,
  author       = {Jean-Louis Krivine},
  title        = {Th{\' e}orie des Ensembles},
  publisher    = {Cassini},
  year         = {1998}
}
@article{lack:quitwo,
  author       = "Stephen Lack",
  title        = "A {Q}uillen Model Structure for 2-Categories",
  journal      = "K-Theory",
  volume       = 26,
  number       = 2,
  pages        = "171--205",
  year         = 2002
}
@article{lack:quibic,
  author       = "Stephen Lack",
  title        = "A {Q}uillen Model Structure for Bicategories",
  journal      = "K-Theory",
  volume       = 33,
  number       = 3,
  pages        = "185--197",
  year         = 2004
}
@article{lack:bicntg,
  author       = "Stephen Lack",
  title        = "{B}icat is not Triequivalent to {G}ray ",
  journal      = "Theory and Applications of Categories",
  volume       = 18,
  number       = 1,
  pages        = "1--3",
  year         = 2007
}
@article{lair:cndsyn,
  author       = "Christian Lair",
  title        = "Condition syntaxique de triplabilit\'{e} d'un foncteur
              alg\'{e}brique esquiss\'{e} ",
  journal      = "Diagrammes",
  volume       = 1,
  pages        = "1--16 ",
  year         = 1979
}
@incollection{lafont:fpntin,
  author       = "Yves Lafont",
  title        = "From Proof Nets to Interaction Nets",
  booktitle    = "Advances in Linear Logic",
  editor       = "J.-Y. Girard and Y. Lafont and L. Regnier",
  year         = 1995,
  pages        = "225--247",
  publisher    = "Cambridge University Press",
  note         = "Proceedings of the Workshop on Linear Logic, Ithaca,
		  New York, June 1993",
  urlps       = "ftp://lmd.univ-mrs.fr/pub/lafont/proofnets.ps.Z"
}
@article{lafont:newfcm,
  author       = "Yves Lafont",
  title        = "A New Finiteness Condition for Monoids Presented
                  by Complete Rewriting Systems (after {C}raig {S}quier)",
  journal      = "Journal of Pure and Applied Algebra",
  volume       = 98,
  number       = 3,
  year         = 1995,
  pages        = "229--244"
} 
@article{lafont:towatb,
  author       = {Yves Lafont},
  title        = {Towards an Algebraic Theory of Boolean Circuits},
  journal      = {Journal of Pure and Applied Algebra},
  year         = {2003},
  volume       = {184},
  pages        = {257-310}
}
@article{lafont:alggrw,
  author       = {Yves Lafont},
  title        = {Algebra and Geometry of Rewriting},
  journal      = {Applied Categorical Structures},
  volume       = {15},
  number       = {4},
  year         = {2007},
  pages        = {415-437}
}
@unpublished{lafont:resnab,
  author       = {Yves Lafont},
  title        = {R{\'e}solutions non ab{\'e}liennes
                  et homologie des mono{\"\i}des},
  note         = {manuscript},
  year         = {2005}
}
@unpublished{lafontmetayer:minprg,
  author = 	 {Yves Lafont and Fran{\c c}ois M{\'e}tayer},
  title = 	 {Minneapolis Programm},
  note = 	 {working document},
  year = 	 {2004}
}
@article{lafontmetayer:polrhm,
  author       = {Yves Lafont and Fran{\c c}ois M{\'e}tayer},
  title        = {Polygraphic Resolutions and Homology of Monoids},
  journal      = {Journal of Pure and Applied Algebra},
  volume       = {213},
  pages        = {947--968},
  year         = {2009}
}
@article{lafontetal:folkms,
  author       = {Yves Lafont and Fran{\c c}ois M{\'e}tayer
                 and Krzysztof Worytkiewicz},
  title        = {A Folk Model Structure on Omega-Cat},
  journal      = {Advances in Mathematics},
  year         = {2010},
  volume       = {224},
  number       = {3},
  pages        = {1183--1231}
}
@article{lafontproute:chrphm,
  author       = "Yves Lafont and Alain Prout{\'e}",
  title        = "Church-{R}osser Property and Homology of Monoids",
  journal      = "Mathematical Structures in Computer Science",
  volume       = 1,
  number       = 3,
  pages        = "297--326",
  year         = 1991
}
@inproceedings{lafontrannou:diarom,
  author       = {Yves Lafont and Pierre Rannou},
  title        = {Diagram Rewriting for Orthogonal Matrices: A Study of Critical Peaks},
  booktitle    = {Rewriting Techniques and Applications},
  pages        = {232--245},
  year         = {2008},
  organization = {RTA 2008},
  series       = {Lecture Notes in Computer Science},
  volume       = {5117},
  publisher    = {Springer}
} 
@article{lambek:matstr,
  author       = {Joachim Lambek},
  title        = {The Mathematics of Sentence Structure},
  journal      = {Am.\ Math.\ Mon.},
  year         = {1958},
  volume       = {65},
  pages        = {154--170}
}
@book{lambekscott:inhocl,
 author       = "J. Lambek and P. Scott",
 title        = "Introduction to Higher Order Categorical Logic",
 year         = 1986,
 publisher    = "Cambridge University Press"
}
@article{leinster:opehdc,
  author      = {Tom Leinster},
  title       = {Operads in Higher-Dimensional Category Theory},
  journal     = {Theory Appl. Categ.},
  year        = {2004},
  volume      = {12},
  pages       = {73--194}
}
@book{leinster:hiohic,
  author = 	 {Tom Leinster},
  title = 	 {Higher Operads, Higher Categories},
  publisher = 	 {Cambridge University Press},
  year = 	 {2003},
  series = 	 {London Mathematical Society Lecture Notes Series}
}
@book{levy:calbpv,
  author       =  {Paul B. Levy},
  title        =  {Call-by-Push-Value},
  publisher    =  {Springer},
  year         =  2004
 }

@incollection{lincoln:deprll,
  author       = "Patrick Lincoln",
  title        = "Deciding Provability of Linear Logic Formulas",
  booktitle    = "Advances in Linear Logic",
  pages        = "109--122",
  editor       = "J.-Y. Girard and Y. Lafont and L. Regnier",
  year         = 1995,
  publisher    = "Cambridge University Press",
  note         = "Proceedings of the Workshop on Linear Logic, Ithaca,
		  New York, June 1993"
}
@book{lurie:higtth,
  author       = {Jacob Lurie},
  title        = {Higher Topos Theory},
  publisher    = {Princeton University Press},
  year         = {2009}
}
@book{maclane:catfwm,
 author       = "Mac Lane,Saunders",
 title        = "Categories for the Working Mathematician",
 year         = 1971,
 publisher    = "Springer"
}

@book{maclane_moerdijk:shigal,
 author       = "Mac Lane,Saunders and Moerdijk, Ieke",
 title        = "Sheaves in Geometry and Logic",
 year         = 1994,
 publisher    = "Springer"
}

@article{makkaizawadowski:tconcc,
  author      = {Michael Makkai and Marek Zawadowski},
  title       = {The Category of $3$-Computads is not Cartesian Closed},
  journal     = {J. Pure Appl. Algebra},
  year        = {2008},
  volume      = {212},
  number      = {11},
  pages       = {2543-2546}
}
@unpublished{makkai:worcom,
  author      = {Michael Makkai},
  title       = {The Word Problem for Computads},
  note        = {www.math.mcgill.ca/makkai/},
  year        = {2005}
}

@article{malbos:rewshm,
  author      = {Philippe Malbos},
  title       = {Rewriting Systems and Hochschild-Mitchell Homology},
  journal     = {Electronic Notes in Theoretical Computer Science},
  year        = {2003}
}
@unpublished{malbos:foxctr,
  author      = {Philippe Malbos},
  title       = {{F}ox Calculus on Term Rewriting Systems},
  note        = {manuscript},
  year        = 2004
}
@article{maltsiniotis:thqafd,
  author      = {Georges Maltsiniotis},
  title       = {Le th\'eor\`eme de {Q}uillen, d'adjonction des foncteurs dérivés, revisité},
  journal     = {C.R. Acad. Sci. Paris, Ser.I},
  year        = {2007},
  volume      = {344},
  pages       = {549-552}
}
@book{may:simoat,
  author      = {Peter May},
  title       = {Simplicial Objects in Algebraic Topology},
  publisher   = {The University of Chicago Press},
  year        = {1967}
}
@book{may:concat,
  author      = {Peter May},
  title       = {A Concise Course in Algebraic Topology},
  publisher   = {The University of Chicago Press},
  year        = {1999}
}
@article{mcduff:clasdm,
 author        = "Dusa McDuff",
 title         = "On the Classifying Spaces of Discrete Monoids",
 journal       = "Topology",
 year          = 1979,
 volume        = 18,
 pages         = "313--320"
} 
@inproceedings{metayer:cycll,
author = {Fran{\c c}ois M{\'e}tayer},
title  = {Some Remarks on Cyclic Linear Logic},
crossref = "girard:lintok"
}
@phdthesis{metayer:etudhr,
author = {Fran{\c c}ois M{\'e}tayer},
title  = {Une {\'E}tude Homologique des R{\'e}seaux},
school = {Universit{\'e} Paris 7},
year   = 1994
}
@article{metayer:homprn,
  author       = "Fran{\c c}ois M{\'e}tayer",
  title        = "Homology of Proof-nets",
  journal      = "Archive for Mathematical Logic",
  year         = 1994,
  volume       = 33,
  pages        = "169--188"
}
@article{metayer:implex,
author = {Fran{\c c}ois M{\'e}tayer},
title  = "Implicit Exchange in Multiplicative Linear Logic",
journal= "Mathematical Structures in Computer Science",
volume = 11,
year   = 2001,
publisher = "Cambridge University Press",
pages = {261--272}
}
@article{metayer:polyeq,
author = {Fran{\c c}ois M{\'e}tayer},
title  = "Polynomial Equivalence among Systems {LLNC}, {LLNC}a and {LLNC}0",
journal= "Theoretical Computer Science",
volume = 227,
year   = 1999,
publisher = "Elsevier",
pages  = {221--229}
}
@article{metayer:respol,
author = "Fran{\c c}ois M{\'e}tayer",
title  = "Resolutions by Polygraphs",
journal = "Theory and Applications of Categories",
volume = 11,
number = 7,
pages  = "148--184",
year   = 2003,
note   = "http://www.tac.mta.ca/tac/"
}
@incollection{metayer:volmfp,
  author       = "Fran{\c c}ois M{\'e}tayer",
  title        = "Volume of multiplicative formulas and provability",
  booktitle    = "Advances in Linear Logic",
  editor       = "J.-Y. Girard and Y. Lafont and L. Regnier",
  year         = 1995,
  pages        = "297--306",
  publisher    = "Cambridge University Press",
  note         = "Proceedings of the Workshop on Linear Logic, Ithaca,
		  New York, June 1993"
}
@unpublished{metayer:fixpof,
  author       = "Fran{\c c}ois M{\'e}tayer",
  title        = "Fixed Points of Functors",
  note         = "manuscript",
  year         =  2003
 }
@unpublished{metayer:stmalg,
  author       = "Fran{\c c}ois M{\'e}tayer",
  title        = "State Monads and their Algebras",
  note         = "manuscript",
  year         =  2004
}
@unpublished{metayer:cofibf,
  author       = "Fran{\c c}ois M{\'e}tayer",
  title        = "Cofibrant Complexes are Free",
  note         = "In preparation",
  year         =  2006
}
@article{metayer:cofohc,
  author       = "Fran{\c c}ois M{\'e}tayer",
  title        = "Cofibrant Objects among Higher-Dimensional Categories",
  journal      = "Homology, Homotopy and Applications",
  volume       = 10,
  number       = 1,
  pages        = "181--203",
  year         = 2008,
  note         = "http://intlpress.com/HHA/v10/n1/a7/"
}
@unpublished{metayer:cylcor,
  author       = {Fran{\c c}ois M{\'e}tayer},
  title        = {Cylinders, Cones and Orientals},
  note         = {draft}
}
@article{metayer:strmon,
  author      = {Fran{\c c}ois M{\'e}tayer},
  title       = {Strict $\omega$-Categories are Monadic over Polygraphs},
  journal     = {Theory and Applications of Categories},
  volume      = 31,
  number      = 27,
  pages       = {799-806},
  year        = {2016}
}

@unpublished{mimram:thesfc,
  author       = {Samuel Mimram},
  title        = {The Structure of First-Order Causality},
  note         = {soumis}
}
@article{moggi:notcam,
  author       = {Eugenio Moggi},
  title        = {Notions of Computation and Monads},
  journal      = {Inf. Comput.},
  year         = {1991},
  volume       = {1},
  pages        = {55-92}
}
@inproceedings{moggi:comlcm,
  author       = {Eugenio Moggi},
  title        = {Computational Lambda-calculus and Monads},
  booktitle    = {Logic in Computer Science},
  pages        = {14--23},
  year         = {1989},
}
@article{montague:univgr,
  author       = {Richard Montague},
  title        = {Universal Grammar},
  journal      = {Theoria},
  year         = {1970}
}
@inproceedings{nagayamaokada:grcmll,
  author       = "M. Nagayama and M. Okada",
  title        = "A graph theoretic characterization theorem for
                  multiplicative fragment of non-commutative Linear Logic",
  editor       = "J.Y. Girard et al.",       
  booktitle    = "Linear Logic'96 Papers from the meeting, Keio Univ.", 
  address      = "Tokyo, Japan",
  month        = apr,
  year         = 1996,
  publisher    = "Elsevier ENTCS 3"
}
@article{pare:abscol,
  author       = {Robert Par{\'e}},
  title        = {On Absolute Colimits},
  journal      = {Journal of Algebra},
  year         = 1971,
  volume       = 19,
  pages        = {80--95}
}
@inproceedings{parigot:lmcalc,
  author    = "Michel Parigot",
  title     = "$\lambda\mu$-calculus: An Algorithmic Interpretation of
  Classical Natural Deduction",
  booktitle = "International Conference on Logic Programming
               and Automated Reasoning",
  year      = 1992,
  volume    = 624,
  pages     = "190--201",
  series    = "Lecture Notes in Computer Science",
  publisher = "Springer Verlag"
}   
@article{penon:appoly,
 author        = "Jacques Penon",
 title         = "Approche Polygraphique des $\infty$-Cat{\'e}gories
                  Non Strictes",
 journal       = "Cahiers de Topologie et G{\'e}om{\'e}trie 
                  Diff{\'e}rentielle Cat{\'e}goriques",
 volume        = 40,
 year          = 1999,
 pages         = "31--80"
}
@inproceedings{plotkinpower:notcdm,
  author       = {Gordon Plotkin and John Power},
  title        = {Notions of Computation Determine Monads},
  year         = {2002},
  volume       = {2303/2002},
  series       = {LNCS},
  booktitle    = {FOSSACS 2002},
  publisher    = {Springer Verlag}
}
@book{abgmmm:polybk,
  author       = {Dimitri Ara and Albert Burroni and Yves Guiraud and Philippe Malbos and Fran{\c c}ois M{\'e}tayer and Samuel Mimram},
  title        = {Polygraphs : from Rewriting to Higher Categories},
  publisher    = {Cambridge University Press},
  year         = {2025},
  volume       = {495},
  series       = {London Mathematical Society Lecture Notes Series}
}
@inproceedings{power:ncatpt,
  author       = "John Power",
  title        = "An $n$-Categorical Pasting Theorem",
  booktitle    = "Category Theory, Proc. Int. Conf., Como/Italy 1990",
  year         = 1991,
  pages        = "326--358",
  series       = "Lect. Notes Math.",
  number       = 1488 
}
@book{quillen:homalg,
  author       = {Daniel Quillen},
  title        = {Homotopical Algebra},
  publisher    = {Springer Verlag},
  year         = {1967},
  volume       = {43},
  series       = {Lecture Notes in Mathematics}
}
@unpublished{rannou:cooper,
  author       = {Pierre Rannou},
  title        = {Properties of cooperations: diagrammatic proofs},
  note         = {submitted},
  year         = {2010}
}
@unpublished{riehl:semhot,
  author       = {Emily Riehl},
  title        = {On the $\infty$-Topos Semantics of Homotopy Type Theory},
  note         = {CIRM conference notes},
  year         = {2022}
}
@article{rosickytholen:leftdm,
  author       = {Jiri Rosicky and Walter Tholen},
  title        = {Left-determined Model Categories and   
                  Universal Homotopy Theories},
  journal      = {Trans. Amer. Math. Soc.},
  volume       = {355},
  number       = {9},
  pages        = {3611--3623},
  year         = {2003}}
@article{seely:lccctt,
  author       = "Robert Seely",
  title        = "Locally Cartesian Closed Categories and Type Theory",
  journal      = "Math. Proc. Camb. Philos. Soc.",
  volume       = 95,
  pages        = "33--48",
  year         = 1984
}
@article{seely:hypndb,
  author       = "Robert Seely",
  title        = "Hyperdoctrines, Natural Deduction and the {B}eck Condition",
  journal      = "Zeitschr. f. math. Logik und Grundlagen d. Math.",
  volume       = 29,
  pages        = "505--542",
  year         = 1983
}
@incollection {selinger:asynch,
  author       = {Selinger, Peter},
  title        = {First-order axioms for asynchrony},
  booktitle    = {C{ONCUR} '97: concurrency theory ({W}arsaw)},
  series       = {Lecture Notes in Comput. Sci.},
  volume       = {1243},
  pages        = {376--390},
  publisher    = {Springer, Berlin},
  year         = {1997}
}
@unpublished{simpson:homtyp,
  author       = {Carlos Simpson},
  title        = {Homotopy Types of Strict $3$-groupoids},
  note         = {arXiv:math.CT/9810059},
  year         = 1998
}
@article{smythplotkin:catrec,
  author       = "Michael Smyth and Gordon Plotkin",
  title        = "The Category-Theoretic Solution of 
                   Recursive Domain Equations",
  journal      = "SIAM J. Comput.",
  volume       = 11,
  pages        = "761--783",
  year         = 1982
}
@article{squier:worphf,
  author       = "Craig Squier",
  title        = "Word Problems and a Homological Finiteness Condition
                  for Monoids",
  journal      = "Journal of Pure and Applied Algebra",
  volume       = 49,
  pages        = "201--217",
  year         = 1987
}
@article{squieral:fincrs,
  author       = "Craig Squier and Friedrich Otto and Yuji Kobayashi",
  title        = "A Finiteness Condition for Rewriting Systems",
  journal      = "Theoretical Computer Science",
  volume       = 131,
  pages        = "271--294",
  year         = 1994
}
@book{steenrod:topfib,
  author       = "Norman Steenrod",
  title        = "The Topology of Fibre Bundles",
  year         = 1951,
  publisher    ="Princeton University Press"
}
@article{street:limicf,
  author       = "Ross Street",
  title        = "Limits Indexed by Category-Valued 2-Functors",
  journal      = "Journal of Pure and Applied Algebra",
  volume       = 8,
  year         = 1976,
  pages        = "149--181"
}                                
@article{street:algors,
  author       = "Ross Street",
  title        = "The Algebra of Oriented Simplexes",
  journal      = "Journal of Pure and Applied Algebra",
  volume       = 49,
  year         = 1987,
  pages        = "283--335"
}
@article{street:pettgs,
  author       = "Ross Street",
  title        = "The Petit Topos of Globular Sets",
  journal      = "Journal of Pure and Applied Algebra",
  volume       = 154,
  number       = "1--3",
  year         = 2000,
  pages        = "299--315"
}
@article{street:forthm,
  author       = "Ross Street",
  title        = "The Formal Theory of Monads",
  journal      = "Journal of Pure and Applied Algebra",
  volume       = 2,
  year         = 1972,
  pages        = "149--168"
}
                           
@article{thomason:catcmc,
  author       = {Robert Thomason},
  title        = {${C}at$ as a Closed Model Category},
  journal      = {Cahiers de Topologie et G{\'e}om{\'e}trie Diff{\'e}rentielle
                  Cat{\'e}goriques},
  year         = {1980},
  volume       = {21},
  number       = {3},
  pages        = {305--324}
}
@book{troelstra:lectll,
  author       = "Anne S. Troelstra",
  title        = "Lectures on Linear Logic",
  publisher    = "CSLI Lecture Notes 29, Center for the Study of
		  Language and Information",
  year         = 1992,
  address      = "Stanford, California"
}

@article{voevodsky:unicat,
  author       = {Vladimir Voevodsky},
  title        = {A $C$-System defined by a Universe Category},
  journal      = {Theory and Applications of Categories},
  year         = {2015},
  volume       = {30},
  number       = {37},
  pages        = {1181--1214}
}

@article{wadler:common,
  author       = {Philip Wadler},
  title        = {Comprehending Monads},
  journal      = {Math. Struct. Comput. Sci},
  year         = {1992},
  volume       = {2},
  number       = {4},
  pages        = {461--493}
}
@book{weggeolsen:kthalg,
  author       = "N. E. Wegge-Olsen",
  title        = "K-Theory and $C^*$-Algebras",
  publisher    = "Oxford University Press",
  year         = 1993
}
@book{whitehead:elehot,
  author       = "G. Whitehead",
  title        = "Elements of Homotopy Theory",
  publisher    = "Springer-Verlag",
  year         = 1978
}
@article{worytkiewiczetal:modstc,
  author       = "Krzysztof Worytkiewicz and Kathryn Hess and Paul-Eug{\`e}ne
                  Parent and Andrew Tonks",
  title        = "A Model Structure {\`a} la {T}homason on $2$-{C}at",
  journal      = "Journal of Pure and Applied Algebra",
  volume       = 208,
  pages        = "205--236",
  year         = 2007
}  
@article{yetter:quancl,
  author       = "D. N. Yetter",
  title        = "Quantales and (noncommutative) linear logic",
  journal      = "Journal of Symbolic Logic",
  year         = 1990,
  volume       = 55,
  number       = 1,
  pages        = "41--64",
  month        = mar
}
@proceedings{girard:lintok,
editor         = {Jean-Yves Girard and Mitsu Okada and Andre Scedrov},
title          = {Linear Logic 96 Tokyo Meeting},
booktitle      = {Linear Logic 96 Tokyo Meeting},
year           = 1996,
series         = "ENTCS",
volume         = 3,
publisher      = "Elsevier"
}

@Misc{nlab:comput,
  OPTkey = 	 {},
   author = 	 {nLab},
  OPTtitle = 	 {},
  OPThowpublished = {},
  OPTmonth = 	 {},
  OPTyear = 	 {},
 note = 	 {ncatlab.org/nlab/show/computad}
}

